@article{kosmas_2012,
  title={Simulated annealing for optimal ship routing},
  author={Kosmas, O.T. and Vlachos, D.S.},
  journal={Computers \& Operations Research},
  volume={39},
  number={3},
  pages={576--581},
  year={2012},
  publisher={Elsevier},
  doi={10.1016/j.cor.2011.05.010}
}

@article{marlow_2007,
  title={The Travelling Salesman Problem in Maritime Surveillance: Techniques, Algorithms and Analysis},
  author={Marlow, D.O. and Kilby, P. and Mercer, G.N.},
  journal={Defence Science and Technology Organisation (DSTO), Australia},
  year={2007},
  url={https://www.researchgate.net/publication/27256909}
}

@inproceedings{penicka_2017,
  title={Reactive Dubins Traveling Salesman Problem for Replanning of Information Gathering by UAVs},
  author={Penicka, Robert and Saska, Martin and Reymann, Christophe and Lacroix, Simon},
  booktitle={2017 IEEE/RSJ International Conference on Intelligent Robots and Systems (IROS)},
  pages={1433--1440},
  year={2017},
  organization={IEEE},
  doi={10.1109/IROS.2017.8202314}
}
